@PREAMBLE{
 "\providecommand{\noopsort}[1]{}" 
 # "\providecommand{\singleletter}[1]{#1}%" 
}

@misc{Kargiantoulakis:doc16976,
      author            = "Kargiantoulakis, M.",
      title                 = "{Survey of kicker plates with proximity sensors on trolley}",
      url = "{https://gm2-docdb.fnal.gov/cgi-bin/private/ShowDocument?docid=16976}",
      note		    = "Muon g-2 DocDB-16976",
}


@misc{Kargiantoulakis:doc16324,
      author            = "Kargiantoulakis, M.",
      title                 = "{Location and uncertainty of ESQ plates}",
      url = "{https://gm2-docdb.fnal.gov/cgi-bin/private/ShowDocument?docid=16324}",
      note		    = "Muon g-2 DocDB-16324",
}

@misc{Kargiantoulakis:doc15733,
      author            = "Kargiantoulakis, M.",
      title                 = "{Quads survey from sensors mounted on trolley}",
      url = "{https://gm2-docdb.fnal.gov/cgi-bin/private/ShowDocument?docid=15733}",
      note		    = "Muon g-2 DocDB-15733",
}

@misc{Kargiantoulakis:doc15679,
      author            = "Kargiantoulakis, M.",
      title                 = "{Quads survey through flange}",
      url = "{https://gm2-docdb.fnal.gov/cgi-bin/private/ShowDocument?docid=15679}",
      note		    = "Muon g-2 DocDB-15679",
}

@misc{Kargiantoulakis:doc12906,
      author            = "Kargiantoulakis, M.",
      title                 = "{Status of quad alignment studies}",
      url = "{https://gm2-docdb.fnal.gov/cgi-bin/private/ShowDocument?docid=12906}",
      note		    = "Muon g-2 DocDB-12906",
}

@misc{Kargiantoulakis:doc14938,
      author            = "Kargiantoulakis, M.",
      title                 = "{Trolley cable tension analysis for dropped components}",
      url = "{https://gm2-docdb.fnal.gov/cgi-bin/private/ShowDocument?docid=14938}",
      note		    = "Muon g-2 DocDB-14938",
}

@misc{Kargiantoulakis:doc14776,
      author            = "Kargiantoulakis, M.",
      title                 = "{ESQ Keyence measurement update}",
      url = "{https://gm2-docdb.fnal.gov/cgi-bin/private/ShowDocument?docid=14776}",
      note		    = "Muon g-2 DocDB-14776",
}

@misc{Kargiantoulakis:doc14547,
      author            = "Kargiantoulakis, M.",
      title                 = "{Quad alignment measurements update}",
      url = "{https://gm2-docdb.fnal.gov/cgi-bin/private/ShowDocument?docid=14547}",
      note		    = "Muon g-2 DocDB-14547",
}

@misc{Nguyen:doc4586,
      author            = "Nguyen, H.",
      title                 = "{Effect of Q1 Outer Mylar Waviness on Beam Dynamics}",
      url = "{https://gm2-docdb.fnal.gov/cgi-bin/private/ShowDocument?docid=4586}",
      note		    = "Muon g-2 DocDB-4586",
}


@misc{Zhanibek:doc13939,
      author            = "Zhanibek, O. and Semertzidis, Y. K.",
      title                 = "{E field correction uncertainties due to quad misalignment for FNAL E989 Muon g-2 experiment}",
      url = "{https://gm2-docdb.fnal.gov/cgi-bin/private/ShowDocument?docid=13939}",
}

@phdthesis{Fienberg:thesis,
      author            = "Fienberg, A.",
      title                 = "{Measuring the Precession Frequency in the E989 Muon g-2 Experiment}",
      school            = "University of Washington",
      year		   = "2019",
      url = "{https://gm2-docdb.fnal.gov/cgi-bin/private/ShowDocument?docid=16264}",
      note		    = "Muon g-2 DocDB-16264",
}

@misc{Wanwei:doc3709,
      author            = "Wu, W. and others",
      title                 = "{Using {Capacitec} to Investigate Quad Plate Alignment}",
      url = "{https://gm2-docdb.fnal.gov/cgi-bin/private/ShowDocument?docid=3709}",
      note		    = "Muon g-2 DocDB-3709",
}

@misc{Grange:doc3632,
      author            = "Grange, J. and Morse, W.",
      title                 = "{E989 Note 57: ES Quadrupole Specs vs N}",
      url = "{https://gm2-docdb.fnal.gov/cgi-bin/private/ShowDocument?docid=3632}",
      note		    = "Muon g-2 DocDB-3632",
}

@misc{Horst:doc5955,
      author            = "Friedsam, H. ",
      title                 = "{Alignment results 22Feb17}",
      url = "{https://gm2-docdb.fnal.gov/cgi-bin/private/ShowDocument?docid=5955}",
      note		    = "Muon g-2 DocDB-5955",
}

@misc{Wanwei:doc8036,
      author            = "Wu, W. and others",
      title                 = "E989 Note 116: Electrostatic Quadrupoles: Plate alignment",
      url = "{https://gm2-docdb.fnal.gov/cgi-bin/private/ShowDocument?docid=8036}",
      note		    = "Muon g-2 DocDB-8036",
}

@misc{Grange:elog386,
      author            = "Grange, J.",
      title                 = "Trolley alignment data from Horst",
      url = "{https://muon.npl.washington.edu/elog/g2/Trolley+system/386}",
      note		    = "Muon g-2 UW elog-386",
}

@misc{Capacitec,
      title                 = "Non-Contact Displacement {Capacitec} Short Form Manual",
      howpublished = "\url{http://www.process-controls.com/intertechnology/Capacitec/pdfs/ShortForm.pdf}",
}

@misc{API,
      title                 = "{API} {iProbe} 360",
      howpublished = "\url{https://apisensor.com/products/3d-laser-tracker-systems/i-360/}",
}

@misc{VCNL4010,
      title                 = "{{VCNL4010} Product Information from Vishay Semiconductors}",
      howpublished = "\url{https://www.vishay.com/optical-sensors/list/product-83462/}",
}

% https://inspirehep.net/record/1390077
@book{Jackson:1998nia,
      author              = "Jackson, John David",
      title                  = "{Classical Electrodynamics}",
      publisher         = "Wiley",
      year                 = "1998",
      ISBN               = "9780471309321",
      SLACcitation   = "%%CITATION = INSPIRE-1390077;%%"
}

% https://inspirehep.net/record/710962
@article{Bennett:2006fi,
      author            = "Bennett, G. W. and others",
      title                 = "{Final Report of the Muon E821 Anomalous Magnetic Moment Measurement at BNL}",
      collaboration  = "Muon g-2",
      journal            = "Phys. Rev.",
      volume            = "D73",
      year                = "2006",
      pages              = "072003",
      doi                  = "10.1103/PhysRevD.73.072003",
      eprint               = "hep-ex/0602035",
      archivePrefix   = "arXiv",
      primaryClass   = "hep-ex",
      SLACcitation   = "%%CITATION = HEP-EX/0602035;%%"
}

% https://inspirehep.net/record/1341289
@article{Grange:2015fou,
      author             = "Grange, J. and others",
      title                 = "{Muon (g-2) Technical Design Report}",
      collaboration  = "Muon g-2",
      year                = "2015",
      eprint              = "1501.06858",
      archivePrefix  = "arXiv",
      primaryClass  = "physics.ins-det",
      reportNumber = "FERMILAB-FN-0992-E, FERMILAB-DESIGN-2014-02",
      SLACcitation   = "%%CITATION = ARXIV:1501.06858;%%"
}

% https://inspirehep.net/record/1639184
@article{Stratakis:2017uci,
      author              = "Stratakis, Diktys and others",
      title                   = "{Accelerator performance analysis of the Fermilab Muon Campus}",
      journal              = "Phys. Rev. Accel. Beams",
      volume             = "20",
      year                 = "2017",
      number            = "11",
      pages               = "111003",
      doi                    = "10.1103/PhysRevAccelBeams.20.111003",
      eprint                = "1803.00597",
      archivePrefix    = "arXiv",
      primaryClass    = "physics.acc-ph",
      reportNumber   = "FERMILAB-PUB-17-569-AD",
      SLACcitation    = "%%CITATION = ARXIV:1803.00597;%%"
}

% https://inspirehep.net/record/1688995
@article{Tanabashi:2018oca,
      author             = "Tanabashi, M. and others",
      title                  = "{Review of Particle Physics}",
      collaboration   = "Particle Data Group",
      journal            = "Phys. Rev.",
      volume           = "D98",
      year                = "2018",
      number           = "3",
      pages              = "030001",
      doi                   = "10.1103/PhysRevD.98.030001",
      SLACcitation   = "%%CITATION = PHRVA,D98,030001;%%"
}

% https://inspirehep.net/record/1414868
@article{Mohr:2015ccw,
      author             = "Mohr, P. J. and others",
      title                  = "{CODATA Recommended Values of the Fundamental Physical Constants: 2014}",
      journal             = "Rev. Mod. Phys.",
      volume            = "88",
      year                 = "2016",
      number           = "3",
      pages              = "035009",
      doi                   = "10.1103/RevModPhys.88.035009",
      eprint               = "1507.07956",
      archivePrefix   = "arXiv",
      primaryClass   = "physics.atom-ph",
      SLACcitation   = "%%CITATION = ARXIV:1507.07956;%%"
}

% https://inspirehep.net/record/621251
@article{Semertzidis:2003zs,
      author             = "Semertzidis, Y. K. and others",
      title                 = "{The Brookhaven muon (g-2) storage ring high voltage quadrupoles}",
      journal            = "Nucl. Instrum. Meth.",
      volume            = "A503",
      year                = "2003",
      pages              = "458-484",
      doi                   = "10.1016/S0168-9002(03)00999-9",
      SLACcitation   = "%%CITATION = NUIMA,A503,458;%%"
}

% https://www.sciencedirect.com/science/article/abs/pii/S0042207X77804843
@article{AVDIENKO1977643,
author   = "Avdienko, A. A. and others",
title        = "Flashover in a vacuum",
journal   = "Vacuum",
volume  = "27",
number = "12",
pages   = "643 - 651",
year      = "1977",
issn       = "0042-207X",
doi        = "doi:10.1016/S0042-207X(77)80484-3",
url         = "http://www.sciencedirect.com/science/article/pii/S0042207X77804843",
}

% http://ipac2018.vrws.de/export/WEPAF015-bib.htm
@InProceedings{Crnkovic:IPAC2018-WEPAF015,
  author          = {Crnkovic, J. D. and others},
  title               = {{C}ommissioning the {M}uon g{-}2 {E}xperiment {E}lectrostatic {Q}uadrupole {S}ystem},
  booktitle       = {Proc. 9th International Particle Accelerator Conference (IPAC'18), Vancouver, BC, Canada, April 29-May 4, 2018},
  pages          = {1848--1851},
  paper           = {WEPAF015},
  keywords     = {quadrupole, storage-ring, experiment, positron, resonance},
  venue           = {Vancouver, BC, Canada},
  series          = {International Particle Accelerator Conference},
  number        = {9},
  publisher      = {JACoW Publishing},
  address        = {Geneva, Switzerland},
  month          = {June},
  year             = {2018},
  isbn             = {978-3-95450-184-7},
  doi               = {doi:10.18429/JACoW-IPAC2018-WEPAF015},
  url                = {http://jacow.org/ipac2018/papers/wepaf015.pdf},
}
